%% Romain Brault
%% CID : 00761721

@article{smola2004tutorial,
  title={A tutorial on support vector regression},
  author={Smola, A.J. and Sch{\"o}lkopf, B.},
  journal={Statistics and computing},
  volume={14},
  number={3},
  pages={199--222},
  year={2004},
  publisher={Springer}
}

@inproceedings{pelckmans2004morozov,
  title={Morozov, ivanov and tikhonov regularization based LS-SVMs},
  author={Pelckmans, K. and Suykens, J. and De Moor, B.},
  booktitle={Neural Information Processing},
  pages={1216--1222},
  year={2004},
  organization={Springer}
}

@inproceedings{scholkopf2001generalized,
  title={A generalized representer theorem},
  author={Sch{\"o}lkopf, B. and Herbrich, R. and Smola, A.},
  booktitle={Computational learning theory},
  pages={416--426},
  year={2001},
  organization={Springer}
}

@article{kivinen2004online,
  title={Online learning with kernels},
  author={Kivinen, J. and Smola, A.J. and Williamson, R.C.},
  journal={Signal Processing, IEEE Transactions on},
  volume={52},
  number={8},
  pages={2165--2176},
  year={2004},
  publisher={IEEE}
}

@inproceedings{shalev2007pegasos,
  title={Pegasos: Primal estimated sub-gradient solver for svm},
  author={Shalev-Shwartz, S. and Singer, Y. and Srebro, N.},
  booktitle={Proceedings of the 24th international conference on Machine learning},
  pages={807--814},
  year={2007},
  organization={ACM}
}
